@article{wolfe2015,
  title={Guided Search 5.0: Meeting the challenge of hybrid search and multiple-target foraging},
  author={Wolfe, Jeremy and Cain, Matthew and Ehinger, Krista and Drew, Trafton},
  journal={Journal of Vision},
  volume={15},
  number={12},
  pages={1106--1106},
  year={2015},
  publisher={The Association for Research in Vision and Ophthalmology}
}


@book{funder2016,
  title = {The Personality Puzzle: Seventh Edition},
  author = {DC Funder},
  city = {New York},
  Publisher = {WW Norton \& Co.},
  year = {2016}

}

@Manual{pwr,
    title = {pwr: Basic Functions for Power Analysis},
    author = {Stephane Champely},
    year = {2018},
    note = {R package version 1.2-2},
    url = {https://CRAN.R-project.org/package=pwr},
}

@phdthesis{sauerberger2019,
  author       = {Kyle Sauerberger}, 
  title        = {When Doing Things Later is the Best Choice: Precrastination as an Individual Difference},
  school       = {University of California},
  year         = {2019}
}

@article{fournier2019task,
  title={Which task will we choose first? Precrastination and cognitive load in task ordering},
  author={Fournier, Lisa R and Coder, Emily and Kogan, Clark and Raghunath, Nisha and Taddese, Ezana and Rosenbaum, David A},
  journal={Attention, Perception, \& Psychophysics},
  volume={81},
  number={2},
  pages={489--503},
  year={2019},
  publisher={Springer}
}


@article{soto2017,
  title={The next Big Five Inventory (BFI-2): Developing and assessing a hierarchical model with 15 facets to enhance bandwidth, fidelity, and predictive power.},
  author={Soto, Christopher J and John, Oliver P},
  journal={Journal of personality and social psychology},
  volume={113},
  number={1},
  pages={117},
  year={2017},
  publisher={American Psychological Association}
}

@article{patton1995,
  title={Factor structure of the Barratt impulsiveness scale},
  author={Patton, Jim H and Stanford, Matthew S and Barratt, Ernest S},
  journal={Journal of clinical psychology},
  volume={51},
  number={6},
  pages={768--774},
  year={1995},
  publisher={Wiley Online Library}
}

@article{lay1986,
  title={At last, my research article on procrastination},
  author={Lay, Clarry H},
  journal={Journal of research in personality},
  volume={20},
  number={4},
  pages={474--495},
  year={1986},
  publisher={Elsevier}
}

@article{fraley2014,
  title={The N-pact factor: Evaluating the quality of empirical journals with respect to sample size and statistical power},
  author={Fraley, R Chris and Vazire, Simine},
  journal={PloS one},
  volume={9},
  number={10},
  pages={e109019},
  year={2014},
  publisher={Public Library of Science}
}

@article{rosenbaum2019,
  title={Sooner Rather Than Later: Precrastination Rather Than Procrastination},
  author={Rosenbaum, David A and Fournier, Lisa R and Levy-Tzedek, Shelly and McBride, Dawn M and Rosenthal, Robert and Sauerberger, Kyle and VonderHaar, Rachel L and Wasserman, Edward A and Zentall, Thomas R},
  journal={Current Directions in Psychological Science},
  pages={0963721419833652},
  year={2019},
  publisher={SAGE Publications Sage CA: Los Angeles, CA}
}

@article{wasserman2015,
  title={Pre-crastination in the pigeon},
  author={Wasserman, Edward A and Brzykcy, Stephen J},
  journal={Psychonomic Bulletin \& Review},
  volume={22},
  number={4},
  pages={1130--1134},
  year={2015},
  publisher={Springer}
}

@article{hoppe-rothkopf2019,
  title={Multi-step planning of eye movements in visual search},
  author={Hoppe, David and Rothkopf, Constantin A},
  journal={Scientific Reports},
  volume={9},
  number={1},
  pages={144},
  year={2019},
  publisher={Nature Publishing Group}
}

@article{ferrari2004beta,
  title={Beta regression for modelling rates and proportions},
  author={Ferrari, Silvia and Cribari-Neto, Francisco},
  journal={Journal of applied statistics},
  volume={31},
  number={7},
  pages={799--815},
  year={2004},
  publisher={Taylor \& Francis}
}


@article{fournier2018,
  title={Starting or finishing sooner? Sequencing preferences in object transfer tasks},
  author={Fournier, Lisa R and Stubblefield, Alexandra M and Dyre, Brian P and Rosenbaum, David A},
  journal={Psychological Research},
  pages={1--11},
  year={2018},
  publisher={Springer}
}


@book{mcelreath2016,
  title={Statistical Rethinking: A Bayesian Course with Examples in R and Stan},
  author={McElreath, Richard},
  volume={122},
  year={2016},
  publisher={CRC Press}
}



@Article{james2019,
AUTHOR = {James, Warren R. G. and Reuther, Josephine and Angus, Ellen and Clarke, Alasdair D. F. and Hunt, Amelia R.},
TITLE = {Inefficient Eye Movements: Gamification Improves Task Execution, But Not Fixation Strategy},
JOURNAL = {Vision},
VOLUME = {3},
YEAR = {2019},
NUMBER = {3},
ARTICLE-NUMBER = {48},
URL = {https://www.mdpi.com/2411-5150/3/3/48},
ISSN = {2411-5150}}


@Manual{r2019,
    title = {R: A Language and Environment for Statistical Computing},
    author = {{R Core Team}},
    organization = {R Foundation for Statistical Computing},
    address = {Vienna, Austria},
    year = {2019},
    url = {https://www.R-project.org/},
  }


  @article{carpenter2017stan,
  title={Stan: A probabilistic programming language},
  author={Carpenter, Bob and Gelman, Andrew and Hoffman, Matthew D and Lee, Daniel and Goodrich, Ben and Betancourt, Michael and Brubaker, Marcus and Guo, Jiqiang and Li, Peter and Riddell, Allen},
  journal={Journal of Statistical Software},
  volume={76},
  number={1},
  year={2017},
  publisher={Columbia Univ., New York, NY (United States); Harvard Univ., Cambridge, MA~…}
}



@article{rosenbaum2014,
author = {David A. Rosenbaum and Lanyun Gong and Cory Adam Potts},
title ={Pre-Crastination: Hastening Subgoal Completion at the Expense of Extra Physical Effort},
journal = {Psychological Science},
volume = {25},
number = {7},
pages = {1487-1496},
year = {2014},
doi = {10.1177/0956797614532657},
    note ={PMID: 24815613}
}


@article{clarke2019,
  title={Stable individual differences in strategies within, but not between, visual search tasks},
  author={Alasdair D. F. Clarke and Jessica L Irons and Warren James and Andrew B Leber and Amelia R Hunt},
  journal={preprint},
  volume={},
  number={},
  pages={},
  year={2019},
  publisher={}
}



@article{russell2009,
  title={Super-recognizers: People with extraordinary face recognition ability},
  author={Russell, Richard and Duchaine, Brad and Nakayama, Ken},
  journal={Psychonomic Bulletin \& Review},
  volume={16},
  number={2},
  pages={252--257},
  year={2009},
  publisher={Springer}
}


@article{hartkamp2017,
  title={Meditation, cognitive flexibility and well-being},
  author={Hartkamp, Mirjam and Thornton, Ian M},
  journal={Journal of Cognitive Enhancement},
  volume={1},
  number={2},
  pages={182--196},
  year={2017},
  publisher={Springer}
}

@article{treisman1980,
  title={A feature-integration theory of attention},
  author={Treisman, Anne M and Gelade, Garry},
  journal={Cognitive Psychology},
  volume={12},
  number={1},
  pages={97--136},
  year={1980},
  publisher={Elsevier}
}


@article{nowakowska2018,
title = "Practice-related changes in eye movement strategy in healthy adults with simulated hemianopia",
journal = "Neuropsychologia",
year = "2018",
issn = "0028-3932",
doi = "https://doi.org/10.1016/j.neuropsychologia.2018.01.020",
url = "http://www.sciencedirect.com/science/article/pii/S0028393218300216",
author = "Anna Nowakowska and Alasdair D.F. Clarke and Arash Sahraie and Amelia R. Hunt",
keywords = "Visual search, Optimality, Blindsight, Hemianopia"
}

@article{cornelissen2002,
  title={The Eyelink Toolbox: eye tracking with MATLAB and the Psychophysics Toolbox},
  author={Cornelissen, Frans W and Peters, Enno M and Palmer, John},
  journal={Behavior Research Methods, Instruments, \& Computers},
  volume={34},
  number={4},
  pages={613--617},
  year={2002},
  publisher={Springer}
}


@article{kristjansson2014,
  title={Common attentional constraints in visual foraging},
  author={Kristj{\'a}nsson, {\'A}rni and J{\'o}hannesson, {\'O}mar I and Thornton, Ian M},
  journal={PloS One},
  volume={9},
  number={6},
  pages={e100752},
  year={2014},
  publisher={Public Library of Science}
}

@article{gilchrist2006,
  title={Evidence for a systematic component within scan paths in visual search},
  author={Gilchrist, Iain D and Harvey, Monika},
  journal={Visual Cognition},
  volume={14},
  number={4-8},
  pages={704--715},
  year={2006},
  publisher={Taylor \& Francis}
}

@article{stoet2011,
  title={Sex differences in search and gathering skills},
  author={Stoet, Gijsbert},
  journal={Evolution and Human Behavior},
  volume={32},
  number={6},
  pages={416--422},
  year={2011},
  publisher={Elsevier}
}


@article{amor2017,
  title={Influence of scene structure and content on visual search strategies},
  author={Amor, Tatiana A and Lukovi{\'c}, Mirko and Herrmann, Hans J and Andrade, Jos{\'e} S},
  journal={Journal of The Royal Society Interface},
  volume={14},
  number={132},
  pages={20170406},
  year={2017},
  publisher={The Royal Society}
}


@article{johannesson2017,
author = {J{\'o}hannesson, {\'O}mar I. and Kristj{\'a}nsson, {\'A}rni and Thornton, Ian M.},
title = {Are Foraging Patterns in Humans Related to Working Memory and Inhibitory Control?},
journal = {Japanese Psychological Research},
volume = {59},
number = {2},
pages = {152-166},
year = {2017}
keywords = {foraging, working memory, inhibitory control, visual search, attention},
doi = {10.1111/jpr.12152}
}




@article{johannesson2016,
  title={Visual foraging with fingers and eye gaze},
  author={J{\'o}hannesson, {\'O}mar I and Thornton, Ian M and Smith, Irene J and Chetverikov, Andrey and Kristj{\'a}nsson, Arni},
  journal={i-Perception},
  volume={7},
  number={2},
  pages={2041669516637279},
  year={2016},
  publisher={SAGE Publications Sage UK: London, England}
}

@article{irons-leber2016,
  title={Choosing attentional control settings in a dynamically changing environment},
  author={Irons, Jessica L and Leber, Andrew B},
  journal={Attention, Perception, \& Psychophysics},
  pages={},
  year={2016}
}

@article{irons-leber2018,
  title={Characterizing individual variation in the strategic use of attentional control},
  author={Irons, Jessica L and Leber, Andrew B},
  journal={Journal of Experimental Psychology: Human Perception and Performance},
  pages={1--18},
  year={2018},
  publisher={Springer}
}

@article{irons-leber2017,
  title={A trade-off between performance and effort in the choice of attentional control settings},
  author={Irons, Jessica and Leber, Andrew},
  journal={Journal of Vision},
  volume={17},
  number={10},
  pages={1293--1293},
  year={2017},
  publisher={The Association for Research in Vision and Ophthalmology}
}

@article{johannesson2017,
author = {J{\'o}hannesson, {\'O}mar I. and Kristj{\'a}nsson, {\'A}rni and Thornton, Ian M.},
title = {Are Foraging Patterns in Humans Related to Working Memory and Inhibitory Control?},
journal = {Japanese Psychological Research},
volume = {59},
number = {2},
pages = {152-166},
keywords = {foraging, working memory, inhibitory control, visual search, attention},
doi = {10.1111/jpr.12152}
}




@article{nowakowska2017,
  title={Human visual search behaviour is far from ideal},
  author={Nowakowska, Anna and Clarke, Alasdair D F and Hunt, Amelia R},
  journal={Proceedings of the Royal Society B: Biological Sciences},
  pages={},
  year={2017},
  publisher={The Royal Society}
}

@article{nowakowska2016,
  title={Inefficient search strategies in simulated hemianopia.},
  author={Nowakowska, Anna and Clarke, Alasdair DF and Sahraie, Arash and Hunt, Amelia R},
  journal={Journal of Experimental Psychology: Human Perception and Performance},
  volume={42},
  number={11},
  pages={1858},
  year={2016},
  publisher={American Psychological Association}
}

@article{brainard1997,
  title={The psychophysics toolbox},
  author={Brainard, David H},
  journal={Spatial Vision},
  volume={10},
  pages={433--436},
  year={1997},
  publisher={VSP}
}

@article{sobel2007,
  title={Individual differences in working memory capacity and visual search: The roles of top-down and bottom-up processing},
  author={Sobel, Kenith V and Gerrie, Matthew P and Poole, Bradley J and Kane, Michael J},
  journal={Psychonomic Bulletin \& Review},
  volume={14},
  number={5},
  pages={840--845},
  year={2007},
  publisher={Springer}
}

@article{mackworth1948,
  title={The breakdown of vigilance during prolonged visual search},
  author={Mackworth, Norman H},
  journal={Quarterly Journal of Experimental Psychology},
  volume={1},
  number={1},
  pages={6--21},
  year={1948},
  publisher={Taylor \& Francis}
}

@article{boot2006,
  title={Detecting transient changes in dynamic displays: The more you look, the less you see},
  author={Boot, Walter R and Kramer, Arthur F and Becic, Ensar and Wiegmann, Douglas A and Kubose, Tate},
  journal={Human Factors},
  volume={48},
  number={4},
  pages={759--773},
  year={2006},
  publisher={Sage Publications Sage CA: Los Angeles, CA}
}

@article{boot2009,
  title={Stable individual differences in search strategy?: The effect of task demands and motivational factors on scanning strategy in visual search},
  author={Boot, Walter R and Becic, Ensar and Kramer, Arthur F},
  journal={Journal of Vision},
  volume={9},
  number={3},
  pages={7--7},
  year={2009},
  publisher={The Association for Research in Vision and Ophthalmology}
}

@article{proulx2011,
  title={Individual differences and metacognitive knowledge of visual search strategy},
  author={Proulx, Michael J},
  journal={PLoS One},
  volume={6},
  number={10},
  pages={e27043},
  year={2011},
  publisher={Public Library of Science}
}

@article{najemnik-geisler2008,
  title={Eye movement statistics in humans are consistent with an optimal search strategy},
  author={Najemnik, Jiri and Geisler, Wilson S},
  journal={Journal of Vision},
  volume={8},
  number={3},
  pages={4--4},
  year={2008},
  publisher={The Association for Research in Vision and Ophthalmology}
}

@article{clarke2016,
  title={Human search for a target on a textured background is consistent with a stochastic model},
  author={Clarke, Alasdair DF and Green, Patrick and Chantler, Mike J and Hunt, Amelia R},
  journal={Journal of Vision},
  volume={16},
  number={7},
  pages={4--4},
  year={2016},
  publisher={The Association for Research in Vision and Ophthalmology}
}


@article{Poole2009,
author = {Bradley J. Poole and Michael J. Kane},
title ={Working-memory capacity predicts the executive control of visual search among distractors: The influences of sustained and selective attention},
journal = {Quarterly Journal of Experimental Psychology},
volume = {62},
number = {7},
pages = {1430-1454},
year = {2009},
doi = {10.1080/17470210802479329}
}

@article{Brock2011,
author = {Jon Brock and Jing Y Xu and Kevin R Brooks},
title ={Individual Differences in Visual Search: Relationship to Autistic Traits, Discrimination Thresholds, and Speed of Processing},
journal = {Perception},
volume = {40},
number = {6},
pages = {739-742},
year = {2011},
doi = {10.1068/p6953}
}


@article{Ericson2017,
author = {Justin M. Ericson and Dwight J. Kravitz and Stephen R. Mitroff},
title ={Visual Search: You Are Who You Are (+ A Learning Curve)},
journal = {Perception},
volume = {46},
number = {12},
pages = {1434-1441},
year = {2017},
doi = {10.1177/0301006617721091}
}

@article{Meyhofer2016,
author = {Inga Meyhöfer and Katja Bertsch and Moritz Esser and Ulrich Ettinger},
title = {Variance in saccadic eye movements reflects stable traits},
journal = {Psychophysiology},
volume = {53},
number = {4},
pages = {566-578},
year = {2016},
keywords = {Eye movements, Saccade, Reliability, Latent state‐trait theory, Intraclass correlation coefficient, Internal consistency},
doi = {10.1111/psyp.12592}
}

@Article{Staub2013,
author={Staub, Adrian
and Benatar, Ashley},
title={Individual differences in fixation duration distributions in reading},
journal={Psychonomic Bulletin {\&} Review},
year={2013},
volume={20},
number={6},
pages={1304--1311},
}


@article{vogel2008,
  title={How to exploit diversity for scientific gain: Using individual differences to constrain cognitive theory},
  author={Vogel, Edward K and Awh, Edward},
  journal={Current Directions in Psychological Science},
  volume={17},
  number={2},
  pages={171--176},
  year={2008},
  publisher={SAGE Publications Sage CA: Los Angeles, CA}
}


@article{dawkins1971,
	title = {Shifts of `attention' in chicks during feeding},
	journal = {Animal Behaviour},
	volume = {19},
	number = {3},
	pages = {575 - 582},
	year = {1971},
	issn = {0003-3472},
	doi = {https://doi.org/10.1016/S0003-3472(71)80114-8},
	author = {Marian Dawkins}
}